@misc{HONIA2025,
    author = "{Honeywell International Inc.}",
    title = "Industrial Automation | Honeywell",
    year = "2025",
    url = "https://automation.honeywell.com/us/en",
    note = "[Online; accessed 10-February-2025]"
  }

@misc{SinamicsG120D,
	month = {4},
	title = {SINAMICS G120D - Siemens Global},
	url = {https://www.siemens.com/global/en/products/drives/sinamics/low-voltage-converters/distributed-converters/sinamics-g120d.html},
	year = {2025}
}


@misc{SinamicsIOP2,
  author = {{Siemens}},
  title = {SINAMICS G120 PM250 Power Module},
  howpublished = {\url{https://mall.industry.siemens.com/mall/cs/cz/Catalog/Product/6SL3255-0AA00-4JA2}},
  note = {Datum přístupu: 2025-02-24}
}

@misc{SiemensG120DGettingStarted,
  author = {{Siemens}},
  title = {SINAMICS G120D Getting Started},
  howpublished = {\url{https://cache.industry.siemens.com/dl/files/509/109757509/att_951176/v1/G120D_getting_started_0418_en-US.pdf}},
  year = {2018},
  note = {Datum přístupu: 2025-02-24}
}

@misc{WEMOSD1MiniPro,
  author = {{LaskaKit.cz}},
  title = {WEMOS D1 Mini Pro klon},
  url = {https://www.laskakit.cz/lolin-d1-mini-esp8266-v3-1-0-wifi-modul/},
  note = {Datum přístupu: 2025-03-09}
}

@misc{laskakit_16x2_lcd,
  author = {{LaskaKit.cz}},
  title = {16x2 LCD displej 1602 s I2C převodníkem},
  url = {https://www.laskakit.cz/16x2-lcd-displej-1602-i2c-prevodnik/},
  note = {Datum přístupu: 2025-03-09}
}

@misc{DCDCconverterDatasheet,
   author = {RECOM},
   month = {3},
   title = {Datasheet of DC/DC Converter REC10K-AW},
   url = {https://cz.mouser.com/datasheet/2/468/REC10K_AW-3454143.pdf},
   year = {2025}
}

@misc{CapacitorDocumentationFAQ,
   author = {Capacitor},
   month = {4},
   title = {Frequently Asked Questions | Capacitor Documentation},
   url = {https://capacitorjs.com/docs/getting-started/faqs},
   year = {2025}
}

@misc{NavodNaESPWebServerDratek,
   author = {Dratek},
   month = {4},
   title = {ESP WiFi Webserver | Návody Drátek},
   url = {https://navody.dratek.cz/navody-k-produktum/esp-wifi-webserver.html},
   year = {2025}
}

@misc{TickerKnihovna,
   author = {Stefan Staub},
   month = {8},
   title = {Ticker | Arduino Documentation},
   url = {https://docs.arduino.cc/libraries/ticker/#Compatibility},
   year = {2021}
}

@misc{TickerGitHubPage,
   month = {4},
   title = {sstaub/Ticker: Ticker library for Arduino},
   url = {https://github.com/sstaub/Ticker},
   year = {2025}
}

@misc{HoneywellHala,
   author = {Radomír Kejduš},
   month = {4},
   title = {Honeywell otevírá v Brně výzkumné centrum pro dopravníkové systémy - Cnews.cz},
   url = {https://www.cnews.cz/clanky/honeywell-otevira-v-brne-vyzkumne-centrum-pro-dopravnikove-systemy/},
   year = {2025}
}

@book{FrekvencniMeniceZeSkriptElektrickeRegulovanePohony,
	author = {CSc. Prof. Ing. Jiří Skalický},
	city = {Brno},
	pages = {100-111},
	publisher = {Fakulta Elektrotechniky a Komunikačních Technologií, Vysoké Učení Technické v Brně},
	title = {Elektrické regulované pohony},
	year = {2007}
}


@article{SkriptaRizeniOtacekAM,
	author = {Ph.D. Ing. Dalibor Červinka},
	month = {3},
	title = {Řízení otáček asynchronních motorů Učební text do předmětu Elektrické pohony},
	year = {2025}
}

@book{KnihaOArduinu,
	author = {Brian Evans},
	city = {New York},
	isbn = {978-1-4302-3777-8},
	pages = {1-10},
	publisher = {Apress},
	title = {Beginning arduino programming},
	year = {2011}
}

@article{ESP8266EXDatasheet,
	author = {Espressif Systems},
	month = {4},
	title = {ESP8266EX datasheet},
	url = {https://www.espressif.com/en/subscribe.},
	year = {2025}
}

@misc{D1MiniProDokumentace,
	month = {4},
	title = {D1 mini Pro — WEMOS documentation},
	url = {https://www.wemos.cc/en/latest/d1/d1_mini_pro.html},
	year = {2025}
}
